<?xml version="1.0" encoding="UTF-8"?><collection xmlns="http://www.loc.gov/MARC21/slim"><record><leader>00349nam--2200133-i-4500</leader><controlfield tag="001">000021070</controlfield><controlfield tag="002">20161230</controlfield><controlfield tag="005">20161230201034</controlfield><controlfield tag="008">060222s1000------------r-----000-0-eng-d</controlfield><datafield ind1=" " ind2=" " tag="080"><subfield code="a">621.38.049.7</subfield></datafield><datafield ind1=" " ind2=" " tag="245"><subfield code="a">The insulation of electrical equipment</subfield></datafield><datafield ind1=" " ind2=" " tag="260"><subfield code="a">London, Chapman &amp; Hall Ltd., 1954,  X + 340 P</subfield></datafield><datafield ind1=" " ind2=" " tag="700"><subfield code="a">Jackson, Willis</subfield></datafield><datafield ind1=" " ind2=" " tag="852"><subfield code="a">10422</subfield></datafield></record></collection>